<record><leader>00000cas a22000007a 4500</leader><controlfield tag="001">1756930</controlfield><controlfield tag="008">751101d19251936nduwr ne      0    0eng d</controlfield><controlfield tag="009">501</controlfield><datafield ind1=" " ind2=" " tag="010"><subfield code="a">sn 88076352 </subfield></datafield><datafield ind1=" " ind2=" " tag="040"><subfield code="a">MUL</subfield><subfield code="b">eng</subfield><subfield code="c">MUL</subfield><subfield code="d">NOP</subfield></datafield><datafield ind1="1" ind2=" " tag="029"><subfield code="a">AU@</subfield><subfield code="b">000025837607</subfield></datafield><datafield ind1=" " ind2=" " tag="042"><subfield code="a">msc</subfield></datafield><datafield ind1="0" ind2="4" tag="245"><subfield code="a">The McLean County journal.</subfield></datafield><datafield ind1=" " ind2=" " tag="260"><subfield code="a">Turtle Lake, McLean County, N.D. :</subfield><subfield code="b">Anderson Printing Co.,</subfield></datafield><datafield ind1=" " ind2=" " tag="300"><subfield code="a">11 v. :</subfield><subfield code="b">ill. ;</subfield><subfield code="c">55 cm.</subfield></datafield><datafield ind1=" " ind2=" " tag="310"><subfield code="a">Weekly</subfield></datafield><datafield ind1="0" ind2=" " tag="362"><subfield code="a">Vol. 1, no. 1 (Nov. 26, 1925)-v. 11, no. 47 (Oct. 15, 1936).</subfield></datafield><datafield ind1=" " ind2=" " tag="500"><subfield code="a">Special Old Settlers Festival editions published Sept. 14, 1939 and Sept. 19, 1940.</subfield></datafield><datafield ind1=" " ind2=" " tag="530"><subfield code="a">Available on microfilm from the State Historical Society of North Dakota.</subfield></datafield><datafield ind1=" " ind2=" " tag="752"><subfield code="a">United States</subfield><subfield code="b">North Dakota</subfield><subfield code="c">McLean</subfield><subfield code="d">Turtle Lake.</subfield></datafield><datafield ind1="0" ind2="7" tag="785"><subfield code="t">Turtle Lake wave</subfield><subfield code="w">(DLC)sn 88076351</subfield></datafield><datafield ind1="0" ind2="7" tag="785"><subfield code="t">McLean County journal and Turtle Lake wave</subfield><subfield code="w">(DLC)sn 88076353</subfield></datafield></record>